<record xmlns="http://www.loc.gov/MARC21/slim" xmlns:xsi="http://www.w3.org/2001/XMLSchema-instance" xsi:schemaLocation="http://www.loc.gov/MARC21/slim http://www.loc.gov/standards/marcxml/schema/MARC21slim.xsd"><leader>     nam a22        4500</leader><controlfield tag="001">3071186</controlfield><controlfield tag="003">NNC</controlfield><controlfield tag="006">m        d        </controlfield><controlfield tag="007">cr cn |||m|||a</controlfield><controlfield tag="008">150313s1893    ua      o     000 0 arard</controlfield><datafield ind1=" " ind2=" " tag="040"><subfield code="a">NNU</subfield><subfield code="b">eng</subfield><subfield code="e">rda</subfield><subfield code="c">NNU</subfield></datafield><datafield ind1=" " ind2=" " tag="043"><subfield code="a">aw-----</subfield><subfield code="a">ff-----</subfield><subfield code="a">e-sp---</subfield></datafield><datafield ind1=" " ind2=" " tag="090"><subfield code="a">D16.7</subfield><subfield code="b">.I23 1893</subfield></datafield><datafield ind1="0" ind2=" " tag="100"><subfield code="6">880-01</subfield><subfield code="a">Ibn Khaldu&#772;n,</subfield><subfield code="d">1332-1406.</subfield></datafield><datafield ind1="1" ind2="0" tag="240"><subfield code="6">880-02</subfield><subfield code="a">Kita&#772;b al-&#699;ibar.</subfield><subfield code="p">Muqaddimah</subfield></datafield><datafield ind1="1" ind2="3" tag="245"><subfield code="a">al-Muqaddimah :</subfield><subfield code="b">al-juz&#700; al-awwal min Kita&#772;b al-&#699;ibar wa-di&#772;wa&#772;n al-mubtada&#700; wa-al-khabar fi&#772; ayya&#772;m al-&#699;Arab wa-al-&#699;Ajam wa-al-Barbar wa-man &#699;a&#772;s&#803;arahum min dhawi&#772; al-sult&#803;a&#772;n al-akbar wa-huwa ta&#772;ri&#772;kh wah&#803;i&#772;d &#699;as&#803;rihi al-&#699;alla&#772;mah &#699;Abd al-Rah&#803;ma&#772;n Ibn Khaldu&#772;n al-Maghribi&#772; /</subfield><subfield code="c">li-Ibn Khaldu&#772;n. Wa-bi-ha&#772;mishihi Sira&#772;j al-mulu&#772;k / li-Abi&#772; Bakr Muh&#803;ammad ibn Muh&#803;ammad ibn al-Wali&#772;d al-Fihri&#772; al-T&#803;urt&#803;u&#772;shi&#772; al-Ma&#772;liki&#772;.</subfield></datafield><datafield ind1=" " ind2=" " tag="250"><subfield code="6">880-03</subfield><subfield code="a">al-T&#803;ab&#699;ah 1.</subfield></datafield><datafield ind1=" " ind2=" " tag="260"><subfield code="a">[Cairo] :</subfield><subfield code="b">al-Mat&#803;ba&#699;ah al-Azhari&#772;yah al-Mis&#803;ri&#772;yah,</subfield><subfield code="c">1311 [1893 or 1894]</subfield></datafield><datafield ind1=" " ind2=" " tag="300"><subfield code="a">online resource (8, 396 pages)</subfield></datafield><datafield ind1=" " ind2=" " tag="336"><subfield code="a">text</subfield><subfield code="2">rdacontent</subfield></datafield><datafield ind1=" " ind2=" " tag="337"><subfield code="a">computer</subfield><subfield code="2">rdamedia</subfield></datafield><datafield ind1=" " ind2=" " tag="338"><subfield code="a">online resource</subfield><subfield code="2">rdacarrier</subfield></datafield><datafield ind1=" " ind2=" " tag="500"><subfield code="a">Part of the Arabic Collections Online (ACO) project, contributed by Columbia University Libraries.</subfield></datafield><datafield ind1=" " ind2=" " tag="533"><subfield code="a">Electronic reproduction.</subfield><subfield code="b">New York, N.Y. :</subfield><subfield code="c">New York University,</subfield><subfield code="d">2015.</subfield><subfield code="5">NNU</subfield></datafield><datafield ind1=" " ind2="0" tag="650"><subfield code="a">World history</subfield><subfield code="v">Early works to 1800.</subfield></datafield><datafield ind1=" " ind2="0" tag="650"><subfield code="a">Civilization</subfield><subfield code="v">Early works to 1800.</subfield></datafield><datafield ind1=" " ind2="0" tag="650"><subfield code="a">Education of princes.</subfield></datafield><datafield ind1=" " ind2="0" tag="651"><subfield code="a">Islamic Empire</subfield><subfield code="x">Kings and rulers</subfield><subfield code="v">Early works to 1800.</subfield></datafield><datafield ind1=" " ind2="0" tag="650"><subfield code="a">Islam and politics.</subfield></datafield><datafield ind1=" " ind2="7" tag="650"><subfield code="a">Civilization.</subfield><subfield code="2">fast</subfield><subfield code="0">(OCoLC)fst00862898</subfield></datafield><datafield ind1=" " ind2="7" tag="650"><subfield code="a">Education of princes.</subfield><subfield code="2">fast</subfield><subfield code="0">(OCoLC)fst00902875</subfield></datafield><datafield ind1=" " ind2="7" tag="650"><subfield code="a">Islam and politics.</subfield><subfield code="2">fast</subfield><subfield code="0">(OCoLC)fst00979879</subfield></datafield><datafield ind1=" " ind2="7" tag="650"><subfield code="a">Kings and rulers.</subfield><subfield code="2">fast</subfield><subfield code="0">(OCoLC)fst00987694</subfield></datafield><datafield ind1=" " ind2="7" tag="650"><subfield code="a">World history.</subfield><subfield code="2">fast</subfield><subfield code="0">(OCoLC)fst01181345</subfield></datafield><datafield ind1=" " ind2="7" tag="651"><subfield code="a">Islamic Empire.</subfield><subfield code="2">fast</subfield><subfield code="0">(OCoLC)fst01244134</subfield></datafield><datafield ind1=" " ind2="7" tag="655"><subfield code="a">Early works.</subfield><subfield code="2">fast</subfield><subfield code="0">(OCoLC)fst01411636</subfield></datafield><datafield ind1="1" ind2="2" tag="700"><subfield code="6">880-04</subfield><subfield code="a">T&#803;urt&#803;u&#772;shi&#772;, Muh&#803;ammad ibn al-Wali&#772;d,</subfield><subfield code="d">1059 or 1060-1126 or 1127.</subfield><subfield code="t">Sira&#772;j al-mulu&#772;k.</subfield></datafield><datafield ind1="2" ind2=" " tag="710"><subfield code="a">Columbia University.</subfield><subfield code="b">Libraries.</subfield></datafield><datafield ind1="0" ind2=" " tag="730"><subfield code="a">Arabic Collections Online.</subfield></datafield><datafield ind1="0" ind2=" " tag="740"><subfield code="6">880-05</subfield><subfield code="a">Sira&#772;j al-mulu&#772;k.</subfield></datafield><datafield ind1="0" ind2="8" tag="776"><subfield code="i">Print version:</subfield><subfield code="a">Ibn Khaldu&#772;n, 1332-1406.</subfield><subfield code="t">al-Muqaddimah</subfield><subfield code="w">(NNC)3071186</subfield><subfield code="w">(OCoLC)30927725</subfield></datafield><datafield ind1="4" ind2="0" tag="856"><subfield code="u">http://hdl.handle.net/2333.1/189321qj</subfield></datafield><datafield ind1="0" ind2=" " tag="880"><subfield code="6">100-01/r</subfield><subfield code="a">&#1575;&#1576;&#1606; &#1582;&#1604;&#1583;&#1608;&#1606;.</subfield></datafield><datafield ind1="1" ind2="0" tag="880"><subfield code="6">240-02/r</subfield><subfield code="a">&#1603;&#1578;&#1575;&#1576; &#1575;&#1604;&#1593;&#1576;&#1585;.</subfield><subfield code="p">&#1605;&#1602;&#1583;&#1605;&#1577;</subfield></datafield><datafield ind1="1" ind2="2" tag="880"><subfield code="6">245-00/r</subfield><subfield code="a">&#1575;&#1604;&#1605;&#1602;&#1583;&#1605;&#1577; /</subfield><subfield code="c">&#1604;&#1604;&#1593;&#1604;&#1575;&#1605;&#1577; &#1575;&#1576;&#1606; &#1582;&#1604;&#1583;&#1608;&#1606;. &#1608;&#1576;&#1607;&#1575;&#1605;&#1588;&#1607; &#1587;&#1585;&#1575;&#1580; &#1575;&#1604;&#1605;&#1604;&#1608;&#1603; / &#1604;&#1604;&#1593;&#1604;&#1575;&#1605;&#1577; &#1571;&#1576;&#1610; &#1576;&#1603;&#1585; &#1605;&#1581;&#1605;&#1583; &#1576;&#1606; &#1605;&#1581;&#1605;&#1583; &#1576;&#1606; &#1575;&#1604;&#1608;&#1604;&#1610;&#1583; &#1575;&#1604;&#1601;&#1607;&#1585;&#1610; &#1575;&#1604;&#1591;&#1585;&#1591;&#1608;&#1588;&#1610; &#1575;&#1604;&#1605;&#1575;&#1604;&#1603;&#1610;.</subfield></datafield><datafield ind1=" " ind2=" " tag="880"><subfield code="6">250-03/r</subfield><subfield code="a">&#1575;&#1604;&#1591;&#1576;&#1593;&#1577; &#1633;.</subfield></datafield><datafield ind1=" " ind2=" " tag="880"><subfield code="6">260-00/r</subfield><subfield code="a">[&#1575;&#1604;&#1602;&#1575;&#1607;&#1585;&#1577;] :</subfield><subfield code="b">&#1575;&#1604;&#1605;&#1591;&#1576;&#1593;&#1577; &#1575;&#1604;&#1571;&#1586;&#1607;&#1585;&#1610;&#1577; &#1575;&#1604;&#1605;&#1589;&#1585;&#1610;&#1577;&#1548;</subfield><subfield code="c">&#1633;&#1635;&#1633;&#1633;.</subfield></datafield><datafield ind1="1" ind2="2" tag="880"><subfield code="6">700-04/r</subfield><subfield code="a">&#1591;&#1585;&#1591;&#1608;&#1588;&#1610;&#1548; &#1605;&#1581;&#1605;&#1583; &#1576;&#1606; &#1575;&#1604;&#1608;&#1604;&#1610;&#1583;.</subfield><subfield code="t">&#1587;&#1585;&#1575;&#1580; &#1575;&#1604;&#1605;&#1604;&#1608;&#1603;.</subfield></datafield><datafield ind1="0" ind2=" " tag="880"><subfield code="6">740-05/r</subfield><subfield code="a">&#1587;&#1585;&#1575;&#1580; &#1575;&#1604;&#1605;&#1604;&#1608;&#1603;.</subfield></datafield><datafield ind1=" " ind2=" " tag="959"><subfield code="a">NNU</subfield><subfield code="b">WEB</subfield><subfield code="c">GENI</subfield><subfield code="t">0</subfield><subfield code="m">Electronic access</subfield><subfield code="s">01</subfield></datafield><datafield ind1=" " ind2=" " tag="999"><subfield code="i">NNC_3071186</subfield><subfield code="o">(OCoLC)ocm30927725 </subfield><subfield code="s">columbia_aco000493</subfield><subfield code="e">(ERROR-880)</subfield></datafield></record>